<record><leader>00000cas a22000007a 4500</leader><controlfield tag="001">13245584</controlfield><controlfield tag="008">860306d18941929wiuwr ne      0    0eng d</controlfield><datafield ind1=" " ind2=" " tag="010"><subfield code="a">sn 86086345 </subfield></datafield><datafield ind1=" " ind2=" " tag="040"><subfield code="a">NPV</subfield><subfield code="b">eng</subfield><subfield code="c">NPV</subfield><subfield code="d">OCLCQ</subfield></datafield><datafield ind1=" " ind2=" " tag="042"><subfield code="a">msc</subfield></datafield><datafield ind1=" " ind2=" " tag="045"><subfield code="a">w9x2</subfield></datafield><datafield ind1=" " ind2=" " tag="052"><subfield code="a">4123</subfield><subfield code="b">M4</subfield></datafield><datafield ind1="0" ind2=" " tag="130"><subfield code="a">Peshtigo times (Peshtigo, Wis. : 1894)</subfield></datafield><datafield ind1="1" ind2="4" tag="245"><subfield code="a">The Peshtigo times.</subfield></datafield><datafield ind1=" " ind2=" " tag="260"><subfield code="a">Peshtigo, Wis. :</subfield><subfield code="b">Pergoli &amp; Larsen,</subfield><subfield code="c">-1929.</subfield></datafield><datafield ind1=" " ind2=" " tag="300"><subfield code="a">v. :</subfield><subfield code="b">ill.</subfield></datafield><datafield ind1=" " ind2=" " tag="310"><subfield code="a">Weekly</subfield></datafield><datafield ind1="0" ind2=" " tag="362"><subfield code="a">-v. 23, no. 28 (July 25, 1929).</subfield></datafield><datafield ind1="1" ind2=" " tag="362"><subfield code="a">Began with Apr. 20, 1894 issue.</subfield><subfield code="z">Cf. Oehlerts, d. E. Guide to Wis. newspapers.</subfield></datafield><datafield ind1=" " ind2=" " tag="500"><subfield code="a">Publisher varies.</subfield></datafield><datafield ind1=" " ind2=" " tag="500"><subfield code="a">Editors: H. Schauer, &lt;Nov. 3, 1894&gt;-May 1, 1897; T. Barrett, May 8, 1897-Feb. 27, 1908; P.O. Winther, Oct. 31, 1912-May 9, 1918; A. Egley, June 8, 1922-Sept. 20, 1923; R.M. Egley, Sept. 27, 1923-Jan. 31, 1924; V.L. Dahlen, Sept. 16, 1926-June 9, 1927; H.C. Smith, June 16-Nov. 3, 1927.</subfield></datafield><datafield ind1=" " ind2=" " tag="530"><subfield code="a">Available on microfilm from The State Historical Society of Wisconsin.</subfield></datafield><datafield ind1=" " ind2=" " tag="588"><subfield code="a">Description based on: Vol. 1, no. 29 (Nov. 3, 1894).</subfield></datafield><datafield ind1=" " ind2=" " tag="752"><subfield code="a">United States</subfield><subfield code="b">Wisconsin</subfield><subfield code="c">Marinette</subfield><subfield code="d">Peshtigo.</subfield></datafield><datafield ind1="0" ind2="0" tag="785"><subfield code="t">New Peshtigo times</subfield><subfield code="w">(DLC)sn 86086346</subfield></datafield><datafield ind1="1" ind2=" " tag="029"><subfield code="a">AU@</subfield><subfield code="b">000023602760</subfield></datafield></record>